<record><leader>00000cas a22000007a 4500</leader><controlfield tag="001">15795254</controlfield><controlfield tag="008">870601u186uuuuunjudr ne      0    0eng d</controlfield><datafield ind1=" " ind2=" " tag="010"><subfield code="a">sn 87068211 </subfield></datafield><datafield ind1=" " ind2=" " tag="040"><subfield code="a">NJW</subfield><subfield code="b">eng</subfield><subfield code="c">NJW</subfield><subfield code="d">OCLCQ</subfield></datafield><datafield ind1=" " ind2=" " tag="042"><subfield code="a">msc</subfield></datafield><datafield ind1="0" ind2="0" tag="245"><subfield code="a">Scranton daily register.</subfield></datafield><datafield ind1="3" ind2="0" tag="246"><subfield code="a">Daily register</subfield></datafield><datafield ind1=" " ind2=" " tag="260"><subfield code="a">Scranton, Pa. :</subfield><subfield code="b">[s.n.]</subfield></datafield><datafield ind1=" " ind2=" " tag="310"><subfield code="a">Daily</subfield></datafield><datafield ind1=" " ind2=" " tag="530"><subfield code="a">Also issued on microfilm as part of the Civil War newspapers collection.</subfield></datafield><datafield ind1=" " ind2=" " tag="588"><subfield code="a">Description based on: Vol. 1, no. 221 (Nov. 2, 1867).</subfield></datafield><datafield ind1=" " ind2=" " tag="752"><subfield code="a">United States</subfield><subfield code="b">Pennsylvania</subfield><subfield code="c">Lackawanna</subfield><subfield code="d">Scranton.</subfield></datafield><datafield ind1="1" ind2=" " tag="029"><subfield code="a">AU@</subfield><subfield code="b">000025792886</subfield></datafield></record>